@Book{knuth:84,
  author = 	 {Donald E. Knuth},
  title = 	 {The {\TeX} Book},
  publisher = 	 {Addison-Wesley},
  year = 	 {1984},
  edition = 	 {15th}
}

@InCollection{boulic:91,
  author = 	 {R. Boulic and O. Renault},
  title = 	 {3D Hierarchies for Animation},
  booktitle = 	 {New Trends in Animation and Visualization},
  publisher =    {John Wiley {\&} Sons ltd.},
  year = 	 {1991},
  editor = 	 {Nadia Magnenat-Thalmann and Daniel Thalmann}
}

@InCollection{smith:99,
  author = 	 {A. Smith and B. Jones},
  title = 	 {On the Complexity of Computing},
  booktitle = 	 {Advances in Computer Science},
  pages = 	 {555--566},
  publisher =    {Publishing Press},
  year = 	 {1999},
  editor = 	 {A. B. Smith-Jones}
}

@book{teste,
author={X. Y. Z. Cruz and X. Y. Z. Correa and X. Y. Z. Costa and X. Y. Z. Costa},
title={Exemplo de cita{\c c}\~ao no texto},
year={1998}}


@misc{MarketingTeixeira,
    author = "{Elson Teixeira}",
    title = {{Marketing}},
    howpublished = {Apostila da disciplina de Marketing dos cursos de MBA Executivo, FGV (2020)},
    note = {Online; acessado em agosto de 2020} ,
    year=2020,
}

@misc{OracleBr51:online,
author = {Oracle},
title = {Site ofcial: Oracle Brasil | Integrated Cloud Applications and Platform Services},
howpublished = {\url{https://www.oracle.com/br/index.html}},
month = {08},
year = {2020},
note = {(Accessed on 08/28/2020)}
}

@misc{CloudInf85:online,
author = {Oracle},
title = {Cloud Infrastructure | Oracle Brasil},
howpublished = {\url{https://www.oracle.com/br/cloud/}},
month = {08},
year = {2020},
note = {(Accessed on 08/28/2020)}
}

@misc{Computa60:online,
author = {Wikipédia},
title = {Computação em nuvem – Wikipédia, a enciclopédia livre},
howpublished = {\url{https://pt.wikipedia.org/wiki/Computacao_em_nuvem}},
month = {08},
year = {2020},
note = {(Accessed on 08/28/2020)}
}

@misc{AmazonWe63:online,
author = {Wikipédia},
title = {Amazon Web Services – Wikipédia, a enciclopédia livre},
howpublished = {\url{https://pt.wikipedia.org/wiki/Amazon_Web_Services}},
month = {08},
year = {2020},
note = {(Accessed on 08/28/2020)}
}

@misc{AmazonWe34:online,
author = {Amazon},
title = {Amazon Web Services (AWS) – Serviços de computação em nuvem},
howpublished = {\url{https://aws.amazon.com/pt/}},
month = {08},
year = {2020},
note = {(Accessed on 08/28/2020)}
}

@misc{Microsoft12:online,
author = {Microsoft},
title = {Serviços de Computação em Nuvem – Microsoft Azure},
howpublished = {\url{https://azure.microsoft.com/pt-br/}},
month = {08},
year = {2020},
note = {(Accessed on 08/28/2020)}
}

@misc{1WhytheW34:online,
author = {Kyle York},
title = {Why the World is Finally Ready for Generation 2 Cloud},
howpublished = {\url{https://www.linkedin.com/pulse/why-world-finally-ready-generation-2-cloud-kyle-york/}},
month = {08},
year = {2020},
publisher =  {LinkedIn},
note = {(Accessed on 08/28/2020)}
}

@misc{OracleCo5:online,
author = {Wikipedia},
title = {Oracle Corporation},
howpublished = {\url{https://en.wikipedia.org/wiki/Oracle_Corporation}},
month = {08},
year = {2020},
note = {(Accessed on 08/28/2020)}
}

@misc{NoSQLWi86:online,
author = {Wikipédia},
title = {NoSQL – Wikipédia, a enciclopédia livre},
howpublished = {\url{https://pt.wikipedia.org/wiki/NoSQL}},
month = {08},
year = {2020},
note = {(Accessed on 08/28/2020)}
}

@misc{DonodaOr98:online,
author = {PrimaPagina},
title = {Dono da Oracle fez fortuna apostando em ideia rejeitada},
howpublished = {\url{https://www.terra.com.br/economia/vida-de-empresario/historias-inspiradoras/dono-da-oracle-fez-fortuna-apostando-em-ideia-rejeitada,52430984f57bad228029311cef3945e25gqfRCRD.html}},
month = {08},
year = {2020},
note = {(Accessed on 08/28/2020)}
}

@misc{Saibaoqu72:online,
author = {Javier Barabas},
title = {Saiba o que é IaaS PaaS SaaS e suas Diferenças - IBM Brasil},
howpublished = {\url{https://www.ibm.com/br-pt/cloud/learn/iaas-paas-saas}},
month = {08},
year = {2020},
publisher =  {IBM},
note = {(Accessed on 08/28/2020)}
}

@misc{OqueeOra85:online,
author = {Oracle},
title = {O que é Oracle Cloud Platform},
howpublished = {\url{https://www.oracle.com/br/cloud/what-is-oracle-cloud-platform.html}},
month = {08},
year = {2020},
note = {(Accessed on 08/28/2020)}
}

@misc{MoodleOp10:online,
author = {Moodle},
title = {Moodle - Open-source learning platform | Moodle.org},
howpublished = {\url{https://moodle.org/?lang=pt_br}},
month = {08},
year = {2020},
note = {(Accessed on 08/28/2020)}
}

@misc{SaaSvsPa6:online,
author = {Codica},
title = {SaaS vs PaaS vs IaaS: Choosing the Best Cloud Computing Model | Codica},
howpublished = {\url{https://www.codica.com/blog/saas-paas-iass-choosing-the-best-cloud-computing-model/}},
month = {08},
year = {2020},
note = {(Accessed on 08/28/2020)}
}